<collection xmlns="http://www.loc.gov/MARC21/slim">
<record>
  <leader>00549nam0a22001571i 450 </leader>
  <controlfield tag="001">IT\ICCU\CNCE\020124</controlfield>
  <controlfield tag="005">20080206000000.0</controlfield>
  <datafield tag="100" ind1=" " ind2=" ">
    <subfield code="a">19970101d1588        0itac0103    ba</subfield>
  </datafield>
  <datafield tag="101" ind1=" " ind2=" ">
    <subfield code="a">LAT</subfield>
  </datafield>
  <datafield tag="102" ind1=" " ind2=" ">
    <subfield code="a">IT</subfield>
  </datafield>
  <datafield tag="200" ind1="1" ind2=" ">
    <subfield code="a">℗Collae Gagii ℗Institutiones compendiosae in grammaticam Latinam</subfield>
  </datafield>
  <datafield tag="210" ind1=" " ind2=" ">
    <subfield code="a">Torino</subfield>
    <subfield code="c">Cavalleri</subfield>
    <subfield code="d">1588</subfield>
  </datafield>
  <datafield tag="620" ind1=" " ind2=" ">
    <subfield code="a">IT</subfield>
    <subfield code="d">Torino</subfield>
  </datafield>
  <datafield tag="700" ind1=" " ind2="1">
    <subfield code="a">Gagius,</subfield>
    <subfield code="b">Colla</subfield>
    <subfield code="3">IT\ICCU\CNCA\005790</subfield>
  </datafield>
  <datafield tag="712" ind1="0" ind2="0">
    <subfield code="a">Cavalleri, Giovanni Francesco &amp; Cavalleri, Giovanni Michele &amp; Cavalleri, Giovanni Vincenzo</subfield>
    <subfield code="3">IT\ICCU\CNCT\000937</subfield>
    <subfield code="4">650</subfield>
  </datafield>
  <datafield tag="801" ind1=" " ind2="3">
    <subfield code="a">IT</subfield>
    <subfield code="b">ICCU</subfield>
    <subfield code="c">20201114</subfield>
  </datafield>
</record>
</collection>
